@techreport{CoC,
  TITLE = {{The calculus of constructions}},
  AUTHOR = {Coquand, Thierry and Huet, G{\'e}rard},
  URL = {https://hal.inria.fr/inria-00076024},
  NUMBER = {RR-0530},
  INSTITUTION = {{INRIA}},
  YEAR = {1986},
  MONTH = May,
  PDF = {https://hal.inria.fr/inria-00076024/file/RR-0530.pdf},
  HAL_ID = {inria-00076024},
  HAL_VERSION = {v1}
}


@techreport{GCC-Coquand,
  TITLE = {{An analysis of Girard's paradox}},
  AUTHOR = {Coquand, Thierry},
  URL = {https://hal.inria.fr/inria-00076023},
  NUMBER = {RR-0531},
  INSTITUTION = {{INRIA}},
  YEAR = {1986},
  MONTH = May,
  PDF = {https://hal.inria.fr/inria-00076023/file/RR-0531.pdf},
  HAL_ID = {inria-00076023},
  HAL_VERSION = {v1}
}

@techreport{GCC-Luo,
  title={{CC$^\infty_\subset$ and Its Meta Theory}},
  author={Luo, Zhaohui},
  year={1988},
  month=Jul,
  institution={University of Edinburgh},
  url={https://www.lfcs.inf.ed.ac.uk/reports/88/ECS-LFCS-88-58/}
}

@article{universes,
  title = {Type checking with universes},
  volume = {89},
  issn = {03043975},
  doi = {10.1016/0304-3975(90)90108-T},
  number = {1},
  journal = {Theoretical Computer Science},
  author = {Harper, Robert and Pollack, Robert},
  month = oct,
  year = {1991},
  pages = {107--136}
}

@book{mltt,
  Author = {Martin-L{\"o}f, Per},
  Isbn = {88-7088-105-9},
  Mrclass = {03B15 (03F50 03F55)},
  Mrnumber = {769301 (86j:03005)},
  Mrreviewer = {M. M. Richter},
  Pages = {iv+91},
  Publisher = {Bibliopolis},
  Series = {Studies in Proof Theory},
  Note = {Notes by Giovanni Sambin of a series of lectures given in Padua, June 1980},
  Title = {Intuitionistic type theory},
  Volume = {1},
  Year = {1984}
}

@misc{w-types,
  author = {McBride, Conor},
  url = {https://mazzo.li/epilogue/index.html\%3Fp=324.html},
  title = {W-types: good news and bad news},
  year = 2010,
  month = Mar,
  date = 7
}